@Misc{BHumanCodeRelease2015,
    author = {Thomas R{\"o}fer and Tim Laue and Jesse Richter-Klug and Maik Sch{\"u}nemann and Jonas Stiensmeier and Andreas Stolpmann and Alexander St{\"o}wing and Felix Thielke},
    title = {{B}-{H}uman Team Report and Code Release 2015},
    year = {2015},
    note = {Only available online: \url{http://www.b-human.de/downloads/publications/2015/CodeRelease2015.pdf}}
}

@misc{officialrules,
	author = "RoboCup",
    title =  "Standard Platform League (NAO) Rule Book",
    year = "2016",
    url = "http://www.tzi.de/spl/pub/Website/Downloads/Rules2016.pdf"
}

@misc{robotumwiki,
    author    = "RoboTUM",
    title     = "RoboSoccer wiki",
    note = {\url{https://gitlab.lrz.de/ga68hom/RoboCup/wikis/home}}
}

@Misc{BHumanCodeRelease2013,
  author = {Thomas R{\"o}fer and Tim Laue and Judith M{\"u}ller and Michel Bartsch and Malte Jonas Batram and Arne B{\"o}ckmann and Martin B{\"o}schen and Martin Kroker and Florian Maa{\ss} and Thomas M{\"u}nder and Marcel Steinbeck and Andreas Stolpmann and Simon Taddiken and Alexis Tsogias and Felix Wenk},
  title = {B-Human Team Report and Code Release 2013},
  year = {2013},
  note = {Only available online: \url{http://www.b-human.de/downloads/publications/2013/CodeRelease2013.pdf}}
}
@article{Rules,
  title={RoboCup standard platform league (nao) rule book, 2016},
  author={RoboCup Technical Committee and others},
  note = {Only available online: \url{www.tzi.de/spl/pub/Website/Downloads/Rules2016.pdf}}
}

@book{thrun2005probabilistic,
  title={Probabilistic robotics},
  author={Thrun, Sebastian and Burgard, Wolfram and Fox, Dieter},
  year={2005}
}

@article{fox1999monte,
  title={Monte carlo localization: Efficient position estimation for mobile robots},
  author={Fox, Dieter and Burgard, Wolfram and Dellaert, Frank and Thrun, Sebastian},
  journal={AAAI/IAAI},
  volume={1999},
  number={343-349},
  pages={2--2},
  year={1999}
}


@inproceedings{rofer2005particle,
  title={Particle-filter-based self-localization using landmarks and directed lines},
  author={R{\"o}fer, Thomas and Laue, Tim and Thomas, Dirk},
  booktitle={Robot Soccer World Cup},
  pages={608--615},
  year={2005},
  organization={Springer}
}

@Misc{BHumanCodeRelease2010,
  author = {Thomas R{\"o}fer and Tim Laue and Judith M{\"u}ller and Armin Burchardt and Erik Damrose and Alexander Fabisch and Fynn Feldpausch and Katharina Gillmann and Colin Graf and Thijs Jeffry de Haas and Alexander H{\"a}rtl and Daniel Honsel and Philipp Kastner and Tobias Kastner and Benjamin Markowsky and Michael Mester and Jonas Peter and Ole Jan Lars Riemann and Martin Ring and Wiebke Sauerland and Andr{\'e} Schreck and Ingo Sieverdingbeck and Felix Wenk and Jan-Hendrik Worch},
  title = {B-Human Team Report and Code Release 2010},
  year = {2010},
  note = {Only available online: \url{http://www.b-human.de/downloads/bhuman10_coderelease.pdf}}
}


@Misc{BHumanCodeRelease2012,
  author = {Thomas R{\"o}fer and Tim Laue and Judith M{\"u}ller and Michel Bartsch and Malte Jonas Batram and Arne B{\"o}ckmann and Nico Lehmann and Florian Maa{\ss} and Thomas M{\"u}nder and Marcel Steinbeck and Andreas Stolpmann and Simon Taddiken and Robin Wieschendorf and Danny Zitzmann},
  title = {B-Human Team Report and Code Release 2012},
  year = {2012},
  note = {Only available online: \url{http://www.b-human.de/wp-content/uploads/2012/11/CodeRelease2012.pdf}}
}

